@book{GYL+15,
  author    = {Longxiang Gao and Shui Yu and Tom H. Luan and Wanlei Zhou},
  title     = {Delay Tolerant Networks},
  year      = {2015},
  publisher = {Springer},
  series    = {SpringerBriefs in Computer Science},
  isbn      = {978-3-319-18107-3},
  doi       = {10.1007/978-3-319-18108-0},
  url       = {https://link.springer.com/book/10.1007/978-3-319-18108-0}
}
@book{BHM23,
  author    = {Edward J. Birrane III and Sarah Heiner and Ken McKeever},
  title     = {Securing Delay-Tolerant Networks with BPSec},
  year      = {2023},
  publisher = {John Wiley \& Sons},
  isbn      = {9781119823476}
}
@techreport{ScBu07,
  author      = {Keith Scott and Scott Burleigh},
  title       = {Bundle Protocol Specification},
  institution = {Internet Engineering Task Force},
  type        = {RFC},
  number      = {5050},
  year        = {2007},
  month       = nov,
  url         = {https://www.rfc-editor.org/rfc/rfc5050}
}

@inproceedings{Fall03,
  author    = {Kevin Fall},
  title     = {A Delay-Tolerant Network Architecture for Challenged Internets},
  booktitle = {Proceedings of the 2003 Conference on Applications, Technologies, Architectures, and Protocols for Computer Communications (SIGCOMM '03)},
  year      = {2003},
  publisher = {ACM},
  doi       = {10.1145/863955.863960},
  url       = {https://doi.org/10.1145/863955.863960}
}

@techreport{Wart15,
  author      = {Forrest Warthman},
  title       = {Delay- and Disruption-Tolerant Networks (DTNs): A Tutorial},
  institution = {Warthman Associates},
  version     = {3.2},
  year        = {2015},
  month       = sep,
  day         = {14},
  url         = {https://www.nasa.gov/wp-content/uploads/2023/09/dtn-tutorial-v3.2-0.pdf}
}

@techreport{HSG+20,
  author      = {Alan Hylton and Robert Short and Robert Green and Metin Toksoz-Exley},
  title       = {A Mathematical Analysis of an Example Delay Tolerant Network using the Theory of Sheaves},
  institution = {NASA Glenn Research Center},
  year        = {2020},
  url         = {https://ntrs.nasa.gov/api/citations/20205011334/downloads/20205011334%20Hylton%20PAPER.pdf}
}

@online{NASA25,
  author    = {NASA},
  title     = {Delay/Disruption Tolerant Networking (DTN) Overview},
  year      = {2025},
  url       = {https://www.nasa.gov/technology/space-comms/delay-disruption-tolerant-networking-overview/},
  note      = {Zugriff am 29.08.2025}
}

@techreport{CBH+07,
  author      = {Vinton Cerf and Scott Burleigh and Adrian Hooke and Leigh Torgerson and Robert Durst and Keith Scott and Kevin Fall and Howard Weiss},
  title       = {Delay-Tolerant Networking Architecture},
  institution = {Internet Engineering Task Force},
  type        = {RFC},
  number      = {4838},
  year        = {2007},
  month       = apr,
  url         = {https://www.rfc-editor.org/rfc/rfc4838}
}

@article{WaWa25,
  author    = {Ding Wang and Ruhai Wang},
  title     = {Transmission Control Protocol (TCP)-Based Delay Tolerant Networking for Space-Vehicle Communications in Cislunar Domain: An Experimental Approach},
  journal   = {Sensors},
  year      = {2025},
  volume    = {25},
  number    = {4},
  pages     = {1136},
  doi       = {10.3390/s25041136},
  url       = {https://www.mdpi.com/1424-8220/25/4/1136}
}

@misc{NASA24,
    author = {{NASA Space Communications and Navigation (SCaN)}},
    title = {Delay/Disruption Tolerant Networking: Future Space Communications},
    year = {2024},
    url = {https://www.nasa.gov/missions/communications/dtn-future-space-communications/},
    note = {Zugriff am: 28.08.2025}
}

@inproceedings{RHD+23,
  author    = {Ristovski, Ivica and Hall, R. Mason and Deaton, Joshua E. and Blanding, Beau and Hatton, Erik W.},
  title     = {{NASA Delay Tolerant Networks: Operational, Evolving, and Ready for Expansion}},
  booktitle = {17th International Conference on Space Operations (SpaceOps-2023)},
  year      = {2023},
  address   = {Dubai, United Arab Emirates},
  month     = {March},
  url       = {https://ntrs.nasa.gov/citations/20230002535},
  note      = {Zugriff am: 30.08.2025}
}

@techreport{DRT+24,
  author    = {Dudukovich, Rachel and Raible, Daniel and Tomko, Brian and Kortas, Nadia and Schweinsberg, Ethan and Basciano, Thomas and Pohlchuck, William and Deaton, Joshua and Nowakowski, John and Hylton, Alan},
  title     = {Advances in High-rate Delay Tolerant Networking On-board the International Space Station},
  booktitle = {AIAA SCITECH 2024 Forum},
  year      = {2024},
  url       = {https://ntrs.nasa.gov/api/citations/20240007078/downloads/HDTN_ISS_Testing_2024.pdf},
}